<?xml version="1.0" encoding="UTF-8"?><collection xmlns="http://www.loc.gov/MARC21/slim"><record><leader>00479nam--2200169-i-4500</leader><controlfield tag="001">000008893</controlfield><controlfield tag="002">20161230</controlfield><controlfield tag="005">20161230201028</controlfield><controlfield tag="008">060222s1000------------r-----000-0-eng-d</controlfield><datafield ind1=" " ind2=" " tag="040"><subfield code="a">IFIN-HH</subfield></datafield><datafield ind1=" " ind2=" " tag="080"><subfield code="a">5301:537.2.538.122</subfield></datafield><datafield ind1="1" ind2=" " tag="100"><subfield code="a">Cheston, Warren B</subfield></datafield><datafield ind1="1" ind2="0" tag="245"><subfield code="a">Elementary theory of electric and magnetic fields</subfield><subfield code="c">Warren b. cheston</subfield></datafield><datafield ind1=" " ind2=" " tag="260"><subfield code="a">New York</subfield><subfield code="b">John Wiley &amp; Sons, Inc</subfield><subfield code="c">1964</subfield></datafield><datafield ind1=" " ind2=" " tag="300"><subfield code="a">XII + 393 P</subfield></datafield><datafield ind1=" " ind2=" " tag="852"><subfield code="a">30724</subfield><subfield code="c">537:538</subfield></datafield><datafield ind1=" " ind2=" " tag="CAT"><subfield code="a">Sys</subfield><subfield code="c">20110615</subfield><subfield code="h">151454</subfield></datafield></record></collection>